<record><leader>00000cas a22000007a 4500</leader><controlfield tag="001">17278900</controlfield><controlfield tag="008">871222d19231923paudn ne      0    0eng d</controlfield><datafield ind1=" " ind2=" " tag="010"><subfield code="a">sn 88079258 </subfield></datafield><datafield ind1=" " ind2=" " tag="040"><subfield code="a">NPH</subfield><subfield code="b">eng</subfield><subfield code="c">NPH</subfield><subfield code="d">OCLCQ</subfield></datafield><datafield ind1=" " ind2=" " tag="042"><subfield code="a">msc</subfield></datafield><datafield ind1="0" ind2="0" tag="245"><subfield code="a">Norristown daily herald and the Norristown times.</subfield></datafield><datafield ind1=" " ind2=" " tag="260"><subfield code="a">Norristown, Pa. :</subfield><subfield code="b">Ralph B. Strassburger,</subfield><subfield code="c">1923.</subfield></datafield><datafield ind1=" " ind2=" " tag="300"><subfield code="a">v. :</subfield><subfield code="b">ill.</subfield></datafield><datafield ind1=" " ind2=" " tag="310"><subfield code="a">Daily (except Sun.)</subfield></datafield><datafield ind1="0" ind2=" " tag="362"><subfield code="a">124th yr., no. 10 (Jan. 1, 1923)-124th yr., no. 98 (Apr. 13, 1923).</subfield></datafield><datafield ind1=" " ind2=" " tag="752"><subfield code="a">United States</subfield><subfield code="b">Pennsylvania</subfield><subfield code="c">Montgomery</subfield><subfield code="d">Norristown.</subfield></datafield><datafield ind1="0" ind2="0" tag="780"><subfield code="t">Norristown daily herald</subfield><subfield code="w">(DLC)sn 84026045</subfield></datafield><datafield ind1="0" ind2="0" tag="785"><subfield code="t">Norristown times herald</subfield><subfield code="w">(DLC)sn 84026049</subfield></datafield></record>